<record><leader>00000cas a2200000 a 4500</leader><controlfield tag="001">21587797</controlfield><controlfield tag="008">900525d19902005paudn ne      0   a0eng c</controlfield><datafield ind1=" " ind2=" " tag="010"><subfield code="a">sn 92004038 </subfield></datafield><datafield ind1=" " ind2=" " tag="040"><subfield code="a">PHA</subfield><subfield code="b">eng</subfield><subfield code="c">PHA</subfield><subfield code="d">NSD</subfield><subfield code="d">DLC</subfield><subfield code="d">OCLCQ</subfield><subfield code="d">NSD</subfield><subfield code="d">OCLCQ</subfield><subfield code="d">OCLCF</subfield><subfield code="d">OCLCO</subfield></datafield><datafield ind1="1" ind2=" " tag="022"><subfield code="a">1062-5844</subfield><subfield code="l">1062-5844</subfield><subfield code="2">1</subfield></datafield><datafield ind1="1" ind2=" " tag="029"><subfield code="a">AU@</subfield><subfield code="b">000020698065</subfield></datafield><datafield ind1=" " ind2=" " tag="032"><subfield code="a">486680</subfield><subfield code="b">USPS</subfield></datafield><datafield ind1=" " ind2=" " tag="037"><subfield code="b">Tribune, The Scranton Times, PO Box 3311, Scranton, Pa. 18505</subfield></datafield><datafield ind1=" " ind2=" " tag="042"><subfield code="a">nsdp</subfield><subfield code="a">pcc</subfield></datafield><datafield ind1=" " ind2=" " tag="043"><subfield code="a">n-us-pa</subfield></datafield><datafield ind1="0" ind2="0" tag="050"><subfield code="a">Newspaper Microfilm 1458</subfield></datafield><datafield ind1="0" ind2=" " tag="130"><subfield code="a">Tribune (Scranton, Pa. : 1990)</subfield></datafield><datafield ind1=" " ind2="4" tag="222"><subfield code="a">The tribune</subfield><subfield code="b">(Scranton, Pa. 1990)</subfield></datafield><datafield ind1="1" ind2="4" tag="245"><subfield code="a">The tribune.</subfield></datafield><datafield ind1=" " ind2=" " tag="260"><subfield code="a">Scranton, Pa. :</subfield><subfield code="b">Scranton Times,</subfield><subfield code="c">1990-</subfield></datafield><datafield ind1=" " ind2=" " tag="300"><subfield code="a">v.</subfield></datafield><datafield ind1=" " ind2=" " tag="310"><subfield code="a">Daily (except Saturday and Sunday)</subfield></datafield><datafield ind1="0" ind2=" " tag="362"><subfield code="a">May 22, 1990-</subfield></datafield><datafield ind1="1" ind2=" " tag="362"><subfield code="a">Ceased with Friday, June 24, 2005.</subfield></datafield><datafield ind1=" " ind2=" " tag="530"><subfield code="a">Also issued on microfilm from Bell &amp; Howell Information and Learning.</subfield></datafield><datafield ind1=" " ind2=" " tag="530"><subfield code="a">Also issued via the Internet. Address as of Jan. 31, 2001: http://www.nepanews.com.</subfield></datafield><datafield ind1=" " ind2=" " tag="580"><subfield code="a">Merger of: Morning times (Scranton, Pa.), and: Scrantonian tribune.</subfield></datafield><datafield ind1=" " ind2=" " tag="580"><subfield code="a">Merged with: Scranton times (Scranton, Pa. : 1891 : Daily), to form: Times-tribune (Scranton, Pa. : 2005).</subfield></datafield><datafield ind1=" " ind2=" " tag="588"><subfield code="a">Latest issue consulted: Jan. 31, 2001.</subfield></datafield><datafield ind1=" " ind2="0" tag="651"><subfield code="a">Scranton (Pa.)</subfield><subfield code="v">Newspapers.</subfield></datafield><datafield ind1=" " ind2="0" tag="651"><subfield code="a">Lackawanna County (Pa.)</subfield><subfield code="v">Newspapers.</subfield></datafield><datafield ind1=" " ind2="7" tag="655"><subfield code="a">Newspapers.</subfield><subfield code="2">fast</subfield><subfield code="0">(OCoLC)fst01423814</subfield></datafield><datafield ind1=" " ind2="7" tag="651"><subfield code="a">Pennsylvania</subfield><subfield code="z">Lackawanna County.</subfield><subfield code="2">fast</subfield><subfield code="0">(OCoLC)fst01204973</subfield></datafield><datafield ind1=" " ind2="7" tag="651"><subfield code="a">Pennsylvania</subfield><subfield code="z">Scranton.</subfield><subfield code="2">fast</subfield><subfield code="0">(OCoLC)fst01208014</subfield></datafield><datafield ind1=" " ind2=" " tag="752"><subfield code="a">United States</subfield><subfield code="b">Pennsylvania</subfield><subfield code="c">Lackawanna</subfield><subfield code="d">Scranton.</subfield></datafield><datafield ind1="1" ind2="4" tag="780"><subfield code="t">Morning times (Scranton, Pa.)</subfield><subfield code="x">1045-8123</subfield><subfield code="w">(DLC)sn 89007773</subfield><subfield code="w">(OCoLC)18719741</subfield></datafield><datafield ind1="1" ind2="4" tag="780"><subfield code="t">Scrantonian tribune</subfield><subfield code="w">(OCoLC)18712343</subfield></datafield><datafield ind1="1" ind2="7" tag="785"><subfield code="t">Scranton times (Scranton, Pa. : 1891 : Daily)</subfield><subfield code="w">(DLC)sn 84026352</subfield><subfield code="w">(OCoLC)10432698</subfield></datafield><datafield ind1="1" ind2="7" tag="785"><subfield code="t">Times-tribune (Scranton, Pa. : 2005)</subfield><subfield code="x">1930-6377</subfield><subfield code="w">(DLC)  2006214149</subfield><subfield code="w">(OCoLC)60805338</subfield></datafield><datafield ind1="4" ind2="1" tag="856"><subfield code="u">http://www.nepanews.com</subfield></datafield></record>